<?xml version="1.0" encoding="UTF-8"?><collection xmlns="http://www.loc.gov/MARC21/slim"><record><leader>00457nam--2200169-i-4500</leader><controlfield tag="001">000045258</controlfield><controlfield tag="002">20161230</controlfield><controlfield tag="005">20170105144725</controlfield><controlfield tag="008">060222s1000------------r-----000-0-eng-d</controlfield><datafield ind1=" " ind2=" " tag="080"><subfield code="a">681.5.01(047.3)</subfield></datafield><datafield ind1=" " ind2=" " tag="245"><subfield code="a">Topics in systems theory</subfield></datafield><datafield ind1=" " ind2=" " tag="260"><subfield code="a">Helsinki</subfield><subfield code="b">Acta Polytechnica Scandinavica</subfield><subfield code="c">1979</subfield></datafield><datafield ind1=" " ind2=" " tag="300"><subfield code="a">191 p</subfield></datafield><datafield ind1=" " ind2=" " tag="490"><subfield code="a">Mathematics Ad Computter Science Series No.31</subfield></datafield><datafield ind1=" " ind2=" " tag="700"><subfield code="a">Halme, Aarne</subfield></datafield><datafield ind1=" " ind2=" " tag="852"><subfield code="a">6364</subfield></datafield><datafield ind1=" " ind2=" " tag="CAT"><subfield code="a">SYS</subfield><subfield code="c">20170105</subfield><subfield code="h">144725</subfield></datafield></record></collection>